3634 5375
522 371 598 421 uun
621 370 774 419 sounous
797 370 844 419 ou
867 373 943 419 uun
965 371 1249 420 oonsunucuxon.
1472 349 1514 444 17

268 541 308 609 Β.
333 542 536 631 Dependiuq
553 567 647 632 upon
664 543 865 632 Dependent
884 544 1024 613 Olauees
1042 545 1081 633 of
1097 544 1198 614 Plan.

268 694 355 741 eum.
531 670 612 739 Aul.
630 671 708 758 278,
723 672 780 740 ibo
793 674 884 743 intro
898 682 939 741 ut
961 724 970 741 .
996 724 1005 741 .
1031 724 1039 741 .
1064 674 1157 742 faeta
1172 697 1273 763 quem
1284 672 1402 742 ueniat
1415 675 1512 742 sient·

390 772 391 776 ’
532 778 628 845 Asin.
647 782 725 862 185,
743 787 783 846 ut
799 802 900 868 quom
915 779 1032 847 uideat
1048 779 1202 867 gaudeat„

534 884 610 951 Oas.
640 887 717 968 133,
744 884 835 953 unde
861 883 1050 953 auscultare
1074 884 1180 972 possis
1207 908 1308 974 quom
1332 907 1393 973 ego
1418 885 1514 953 illam

500 985 502 989 ’
579 988 742 1059 ausculer.

534 1091 615 1159 Gur.
636 1095 713 1176 253,
731 1100 771 1161 ut
788 1092 834 1160 sit
850 1101 1008 1181 paratum
1024 1091 1209 1180 prandium
1225 1116 1326 1182 quem
1340 1092 1466 1162 ueniet.

533 1194 634 1263 Most
660 1200 761 1281 1064,
785 1206 900 1282 astate,
923 1206 964 1265 ut
984 1221 1085 1286 quem
1105 1197 1271 1285 exemplo
1292 1220 1419 1277 uocem,
1440 1221 1515 1265 eon-

579 1300 676 1368 tinno
694 1300 852 1369 exiliatis.
1186 1361 1190 1367 .

533 1402 635 1471 Most,
659 1408 736 1489 249,
759 1414 876 1474 ornatu
897 1414 938 1473 ut
958 1404 1023 1474 sim
1044 1428 1144 1495 quem
1163 1405 1231 1474 hue
1251 1404 1421 1474 aduemut.

534 1509 658 1578 Pseud.
691 1514 769 1595 168,
801 1533 844 1578 ne
873 1534 969 1579 mora
998 1533 1084 1599 quae
1115 1511 1161 1580 sit
1183 1558 1192 1578 .
1218 1559 1227 1577 .
1253 1560 1262 1579 .
1287 1533 1383 1580 eoeus
1415 1533 1515 1600 quom

580 1614 706 1683 ueniet.

534 1717 657 1785 Pseud.
679 1722 780 1803 1115,
799 1740 842 1785 ne
859 1742 961 1807 quom
975 1716 1084 1787 anie
1100 1727 1257 1787 metuam

534 1821 628 1889 Pers.
647 1826 724 1906 190,
741 1832 781 1891 ut
795 1822 886 1890 domi
901 1822 948 1891 sis
963 1846 1064 1911 quom
1077 1845 1137 1910 ego
1150 1832 1185 1891 te
1198 1846 1269 1890 esse
1282 1821 1337 1889 illi
1352 1844 1512 1891 censeam.

534 1926 630 1993 Pers.
650 1930 728 2010 191,
747 1927 801 1994 uti
818 1925 909 1993 domi
928 1927 992 1994 sim
1009 1950 1110 2015 quom
1127 1925 1181 1994 illi
1198 1948 1340 1996 eeneeue.

535 2029 629 2100 Pers.
649 2033 726 2113 152,
745 2039 784 2098 ut
799 2030 879 2099 fleat
894 2054 996 2119 quem
1009 2053 1049 2098 eu
1064 2034 1233 2099 memoret.

536 2133 630 2218 Oete,
647 2133 689 2202 R.
707 2133 750 2203 R.
769 2132 824 2218 73,
841 2157 884 2202 ne
898 2156 1039 2222 quaeras
1054 2157 1155 2223 quom
1170 2157 1255 2221 opus
1268 2133 1343 2202 niet.

535 2238 660 2305 Heaut.
682 2237 760 2321 711,
780 2246 820 2305 ut
839 2261 939 2326 quom
956 2242 1071 2306 narret
1090 2261 1191 2306 senex
1213 2288 1222 2305 .
1248 2288 1257 2305 .
1281 2288 1291 2305 .
1316 2261 1384 2306 non
1402 2236 1516 2307 eredat

580 2351 703 2409 tamen.

534 2444 632 2513 Adel.
652 2450 729 2530 354,
745 2469 843 2514 curre
866 2496 875 2513 .
901 2497 909 2514 .
935 2496 944 2513 .
969 2455 1010 2514 ut
1025 2469 1125 2536 quem
1141 2469 1224 2535 opus
1239 2444 1297 2527 sie,
1311 2469 1355 2513 ne
1369 2446 1409 2515 in
1422 2466 1515 2514 mora

582 2550 677 2619 nobis
696 2551 767 2619 siet.

535 2653 643 2724 Andr.
663 2660 741 2741 424,
762 2657 775 2724 i
793 2656 954 2723 nunciam
973 2655 1064 2725 intro
1082 2680 1126 2725 ne
1144 2656 1182 2724 in
1200 2678 1293 2725 mora
1313 2678 1414 2745 quem
1433 2676 1517 2744 epu-3

581 2762 627 2829 sie
645 2761 718 2829 sies.

535 2865 672 2933 Phorm.
693 2869 770 2950 839,
789 2887 831 2932 ne
848 2888 950 2954 quem
965 2865 1022 2933 hie
1036 2888 1105 2932 non
1120 2863 1271 2944 uideant,
1287 2887 1340 2934 me
1357 2863 1517 2933 eonfieere

581 2970 720 3039 eredunt
738 2980 922 3058 argentum.
1137 2980 1139 2984 “

536 3074 619 3143 Heu.
640 3073 732 3159 694,1
755 3085 794 3142 ut
810 3097 888 3142 oum
905 3074 967 3141 illa
984 3074 1085 3142 uiuas
1101 3081 1219 3142 testem
1235 3073 1322 3142 hune
1341 3095 1440 3162 quom
1458 3070 1516 3141 abs

581 3189 614 3248 te
634 3179 810 3248 amoveris.

535 3285 625 3353 Eun.
645 3285 738 3369 933,1
757 3295 797 3353 ut
813 3309 913 3374 quom
928 3283 1077 3372 evenerit
1094 3294 1256 3373 perpetuo
1271 3283 1389 3351 oderit„

535 3391 627 3459 Men.
659 3390 751 3476 543‚¹
783 3400 824 3459 ut
850 3399 884 3458 te
912 3390 1065 3458 lubenter
1092 3389 1228 3458 uideam
1257 3412 1356 3477 quom
1384 3387 1429 3456 ed
1456 3410 1516 3456 nos

582 3496 726 3564 ueneris.

537 3601 621 3688 Cup.
649 3599 742 3684 435,1
772 3609 812 3668 tu
838 3621 893 3667 mo
920 3601 1052 3686 ignores
1079 3622 1180 3688 quom
1205 3597 1370 3686 extemplo
1397 3621 1470 3666 meo
1498 3620 1516 3666 e

582 3714 759 3791 conspeetu
774 3705 978 3773 abscessem

536 3809 663 3878 Heaut.
680 3813 757 3894 854,
773 3818 927 3897 utquom
941 3807 1174 3897 desponderent
1189 3805 1256 3874 des,
1579 3876 1581 3887 ,

536 3914 658 3983 Bacch.
682 3915 760 3999 768,
782 3923 822 3982 ut
843 3914 975 4002 quaudo
996 3918 1103 3991 exeat,
1123 3911 1289 4000 extemplo
1313 3961 1321 3979 .
1348 3962 1356 3980 .
1381 3961 1391 3978 .
1416 3913 1448 3980 ei
1469 3920 1517 3981 tu·

582 4018 686 4086 bellas
709 4018 793 4086 dem.

537 4122 629 4190 Men.
655 4127 755 4208 1045,
777 4145 819 4188 ne
839 4131 915 4190 tum
936 4122 1067 4211 quaudo
1089 4143 1190 4188 senus
1211 4120 1325 4208 {aetus
1343 4120 1401 4198 se,
1423 4143 1443 4187 a
1464 4143 1517 4187 me

585 4236 760 4314 argentum
777 4235 878 4313 petat.

537 4330 658 4398 Baeeh.
694 4330 772 4414 730,
805 4339 845 4398 ut
878 4337 973 4417 pater
1005 4338 1180 4416 eognoscat
1210 4328 1351 4413 litteras,
1385 4327 1517 4415 quando

585 4435 681 4522 leqet.

538 4537 641 4606 Poen.
662 4541 740 4622 552,
759 4545 798 4605 ut
815 4537 947 4625 quaudo
966 4559 1057 4623 eque,
1074 4535 1159 4623 quid
1176 4557 1263 4622 ages,
1283 4534 1400 4604 sciant„

327 4656 399 4709 ¹'Phe
414 4656 570 4724 dependent
582 4656 662 4709 verbs
677 4670 725 4707 are
738 4655 873 4722 probably
887 4653 919 4706 in
932 4655 982 4706 the
996 4653 1182 4721 subjunctive,
1197 4653 1233 4705 ef.
1248 4668 1275 4720 p.
1290 4654 1334 4705 51.
