<?xml version="1.0" encoding="UTF-8"?>
<!DOCTYPE html PUBLIC "-//W3C//DTD XHTML 1.0 Transitional//EN"
    "http://www.w3.org/TR/xhtml1/DTD/xhtml1-transitional.dtd">
<html xmlns="http://www.w3.org/1999/xhtml" xml:lang="en" lang="en">
 <head>
  <title>
</title>
<meta http-equiv="Content-Type" content="text/html;charset=utf-8" />
  <meta name='ocr-system' content='tesseract 3.04.00' />
  <meta name='ocr-capabilities' content='ocr_page ocr_carea ocr_par ocr_line ocrx_word'/>
</head>
<body>
  <div class='ocr_page' id='page_1' title='image "./attractionmoodi00frangoog/attractionmoodi00frangoog_0050.png"; bbox 0 0 3634 5375; ppageno 0'>
   <div class='ocr_carea' id='block_1_1' title="bbox 239 433 1244 509">
    <p class='ocr_par' dir='ltr' id='par_1_1' title="bbox 239 433 1244 509">
     <span class='ocr_line' id='line_1_1' title="bbox 239 433 1244 509; baseline 0.007 -10"><span class='ocrx_word' id='word_1_1' title='bbox 239 433 284 499; x_wconf 80' lang='lat'><strong>42</strong></span> <span class='ocrx_word' id='word_1_2' title='bbox 475 460 702 507; x_wconf 74' lang='lat' dir='ltr'>Arrnacrmn</span> <span class='ocrx_word' id='word_1_3' title='bbox 725 460 772 507; x_wconf 85' lang='lat' dir='ltr'><strong>or</strong></span> <span class='ocrx_word' id='word_1_4' title='bbox 795 460 896 507; x_wconf 82' lang='grc'><strong>00000</strong></span> <span class='ocrx_word' id='word_1_5' title='bbox 919 460 961 507; x_wconf 86' lang='lat' dir='ltr'><strong>nr</strong></span> <span class='ocrx_word' id='word_1_6' title='bbox 984 460 1101 509; x_wconf 76' lang='lat' dir='ltr'>amr</span> <span class='ocrx_word' id='word_1_7' title='bbox 1123 460 1244 509; x_wconf 78' lang='lat' dir='ltr'>urm.</span> 
     </span>
    </p>
   </div>
   <div class='ocr_carea' id='block_1_2' title="bbox 247 626 1487 803">
    <p class='ocr_par' dir='ltr' id='par_1_2' title="bbox 247 626 1487 803">
     <span class='ocr_line' id='line_1_2' title="bbox 247 626 1487 715; baseline 0.001 -23"><span class='ocrx_word' id='word_1_8' title='bbox 247 627 297 711; x_wconf 84' lang='grc'><strong>(0)</strong></span> <span class='ocrx_word' id='word_1_9' title='bbox 322 626 565 693; x_wconf 70' lang='lat' dir='ltr'>Miscellaneam</span> <span class='ocrx_word' id='word_1_10' title='bbox 585 629 743 715; x_wconf 73' lang='grc'><strong>00000600</strong></span> <span class='ocrx_word' id='word_1_11' title='bbox 761 628 799 693; x_wconf 78' lang='lat' dir='ltr'><strong>in</strong></span> <span class='ocrx_word' id='word_1_12' title='bbox 818 628 921 695; x_wconf 79' lang='lat' dir='ltr'><strong>which</strong></span> <span class='ocrx_word' id='word_1_13' title='bbox 942 630 996 696; x_wconf 83' lang='lat' dir='ltr'><strong>the</strong></span> <span class='ocrx_word' id='word_1_14' title='bbox 1017 633 1078 696; x_wconf 84' lang='grc'><strong>600</strong></span> <span class='ocrx_word' id='word_1_15' title='bbox 1098 630 1189 696; x_wconf 72' lang='lat' dir='ltr'>verbe</span> <span class='ocrx_word' id='word_1_16' title='bbox 1207 649 1262 697; x_wconf 81' lang='lat' dir='ltr'><strong>are</strong></span> <span class='ocrx_word' id='word_1_17' title='bbox 1282 628 1319 694; x_wconf 76' lang='lat' dir='ltr'><strong>in</strong></span> <span class='ocrx_word' id='word_1_18' title='bbox 1339 628 1487 712; x_wconf 73' lang='lat' dir='ltr'>different</span> 
     </span>
     <span class='ocr_line' id='line_1_3' title="bbox 807 739 919 803; baseline 0.009 -2"><span class='ocrx_word' id='word_1_19' title='bbox 807 739 919 803; x_wconf 82' lang='grc'><strong>600000.</strong></span> 
     </span>
    </p>
   </div>
   <div class='ocr_carea' id='block_1_3' title="bbox 283 858 1488 945">
    <p class='ocr_par' dir='ltr' id='par_1_3' title="bbox 283 858 1488 945">
     <span class='ocr_line' id='line_1_4' title="bbox 283 858 1488 945; baseline -0.002 -21"><span class='ocrx_word' id='word_1_20' title='bbox 283 858 374 942; x_wconf 85' lang='lat' dir='ltr'>Oapt.</span> <span class='ocrx_word' id='word_1_21' title='bbox 394 862 465 938; x_wconf 89' lang='grc'><strong>764,</strong></span> <span class='ocrx_word' id='word_1_22' title='bbox 483 860 599 943; x_wconf 77' lang='lat' dir='ltr'>absque</span> <span class='ocrx_word' id='word_1_23' title='bbox 614 860 674 927; x_wconf 89' lang='lat' dir='ltr'><strong>hoe</strong></span> <span class='ocrx_word' id='word_1_24' title='bbox 690 863 769 928; x_wconf 82' lang='lat' dir='ltr'>esset</span> <span class='ocrx_word' id='word_1_25' title='bbox 787 861 843 945; x_wconf 79' lang='lat' dir='ltr'><strong>qui</strong></span> <span class='ocrx_word' id='word_1_26' title='bbox 928 861 1042 927; x_wconf 81' lang='lat' dir='ltr'>Bacch.</span> <span class='ocrx_word' id='word_1_27' title='bbox 1060 865 1133 939; x_wconf 87' lang='grc'><strong>664,</strong></span> <span class='ocrx_word' id='word_1_28' title='bbox 1149 860 1213 926; x_wconf 82' lang='lat' dir='ltr'>nisi</span> <span class='ocrx_word' id='word_1_29' title='bbox 1229 879 1303 925; x_wconf 87' lang='lat' dir='ltr'>eum</span> <span class='ocrx_word' id='word_1_30' title='bbox 1318 858 1376 925; x_wconf 91' lang='lat' dir='ltr'>illa</span> <span class='ocrx_word' id='word_1_31' title='bbox 1393 877 1488 941; x_wconf 75' lang='lat' dir='ltr'><strong>quam</strong></span> 
     </span>
    </p>
   </div>
   <div class='ocr_carea' id='block_1_4' title="bbox 240 958 1374 1143">
    <p class='ocr_par' dir='ltr' id='par_1_4' title="bbox 240 958 1374 1143">
     <span class='ocr_line' id='line_1_5' title="bbox 240 958 1374 1045; baseline 0 -22"><span class='ocrx_word' id='word_1_32' title='bbox 240 958 298 1023; x_wconf 84' lang='lat' dir='ltr'><strong>hoc</strong></span> <span class='ocrx_word' id='word_1_33' title='bbox 311 958 410 1040; x_wconf 61' lang='grc'><strong>60066·</strong></span> <span class='ocrx_word' id='word_1_34' title='bbox 424 960 515 1023; x_wconf 81' lang='lat' dir='ltr'>&#39;Prin</span> <span class='ocrx_word' id='word_1_35' title='bbox 533 964 605 1035; x_wconf 92' lang='grc'><strong>967,</strong></span> <span class='ocrx_word' id='word_1_36' title='bbox 620 965 696 1027; x_wconf 80' lang='lat' dir='ltr'>rani</span> <span class='ocrx_word' id='word_1_37' title='bbox 711 962 841 1029; x_wconf 87' lang='lat' dir='ltr'>mortni.</span> <span class='ocrx_word' id='word_1_38' title='bbox 864 963 1063 1028; x_wconf 76' lang='grc'><strong>0006000000</strong></span> <span class='ocrx_word' id='word_1_39' title='bbox 1084 962 1239 1045; x_wconf 83' lang='lat' dir='ltr'>oeeiperea</span> <span class='ocrx_word' id='word_1_40' title='bbox 1258 978 1374 1025; x_wconf 82' lang='lat' dir='ltr'>amare.</span> 
     </span>
     <span class='ocr_line' id='line_1_6' title="bbox 283 1059 662 1143; baseline 0.013 -22"><span class='ocrx_word' id='word_1_41' title='bbox 283 1059 397 1124; x_wconf 85' lang='lat' dir='ltr'><strong>Pseud.</strong></span> <span class='ocrx_word' id='word_1_42' title='bbox 417 1063 510 1139; x_wconf 80' lang='grc'><strong>1336,</strong></span> <span class='ocrx_word' id='word_1_43' title='bbox 527 1061 662 1143; x_wconf 79' lang='lat' dir='ltr'>loquere.</span> 
     </span>
    </p>
   </div>
   <div class='ocr_carea' id='block_1_5' title="bbox 283 1158 972 1311">
    <p class='ocr_par' dir='ltr' id='par_1_5' title="bbox 283 1158 972 1311">
     <span class='ocr_line' id='line_1_7' title="bbox 283 1158 616 1237; baseline 0.009 -15"><span class='ocrx_word' id='word_1_44' title='bbox 283 1158 328 1223; x_wconf 87' lang='grc' dir='ltr'><strong>Μ.</strong></span> <span class='ocrx_word' id='word_1_45' title='bbox 349 1159 387 1224; x_wconf 80' lang='lat' dir='ltr'><strong>G.</strong></span> <span class='ocrx_word' id='word_1_46' title='bbox 408 1162 501 1237; x_wconf 92' lang='grc'><strong>1083,</strong></span> <span class='ocrx_word' id='word_1_47' title='bbox 521 1161 616 1225; x_wconf 70' lang='lat' dir='ltr'>azert.</span> 
     </span>
     <span class='ocr_line' id='line_1_8' title="bbox 754 1245 972 1311; baseline 0 -1"><span class='ocrx_word' id='word_1_48' title='bbox 754 1245 870 1310; x_wconf 83' lang='grc'><strong>00000</strong></span> <span class='ocrx_word' id='word_1_49' title='bbox 891 1246 972 1311; x_wconf 82' lang='lat' dir='ltr'><strong>VII.</strong></span> 
     </span>
    </p>
   </div>
   <div class='ocr_carea' id='block_1_6' title="bbox 242 1367 1489 1527">
    <p class='ocr_par' dir='ltr' id='par_1_6' title="bbox 242 1367 1489 1527">
     <span class='ocr_line' id='line_1_9' title="bbox 242 1367 1489 1437; baseline 0.004 -7"><span class='ocrx_word' id='word_1_50' title='bbox 242 1367 286 1431; x_wconf 79' lang='grc' dir='ltr'><strong>ῙΝ</strong></span> <span class='ocrx_word' id='word_1_51' title='bbox 309 1384 434 1433; x_wconf 78' lang='lat' dir='ltr'>wmon</span> <span class='ocrx_word' id='word_1_52' title='bbox 456 1386 527 1433; x_wconf 65' lang='lat' dir='ltr'><strong>THE</strong></span> <span class='ocrx_word' id='word_1_53' title='bbox 550 1386 643 1434; x_wconf 70' lang='lat' dir='ltr'><strong>mne</strong></span> <span class='ocrx_word' id='word_1_54' title='bbox 665 1387 749 1435; x_wconf 74' lang='lat' dir='ltr'><strong>vm</strong></span> <span class='ocrx_word' id='word_1_55' title='bbox 771 1387 803 1435; x_wconf 81' lang='lat' dir='ltr'><strong>Is</strong></span> <span class='ocrx_word' id='word_1_56' title='bbox 825 1388 866 1434; x_wconf 76' lang='lat' dir='ltr'><strong>m</strong></span> <span class='ocrx_word' id='word_1_57' title='bbox 887 1388 959 1434; x_wconf 73' lang='lat' dir='ltr'><strong>THE</strong></span> <span class='ocrx_word' id='word_1_58' title='bbox 980 1388 1214 1435; x_wconf 66' lang='lat' dir='ltr'>euasurum</span> <span class='ocrx_word' id='word_1_59' title='bbox 1235 1387 1277 1437; x_wconf 81' lang='lat' dir='ltr'><strong>or</strong></span> <span class='ocrx_word' id='word_1_60' title='bbox 1299 1390 1424 1437; x_wconf 71' lang='lat' dir='ltr'>areum</span> <span class='ocrx_word' id='word_1_61' title='bbox 1446 1387 1489 1436; x_wconf 82' lang='lat' dir='ltr'><strong>OB</strong></span> 
     </span>
     <span class='ocr_line' id='line_1_10' title="bbox 713 1479 1011 1527; baseline -0.003 0"><span class='ocrx_word' id='word_1_62' title='bbox 713 1479 1011 1527; x_wconf 63' lang='lat' dir='ltr'>cremonensem.</span> 
     </span>
    </p>
   </div>
   <div class='ocr_carea' id='block_1_7' title="bbox 487 1586 1231 1673">
    <p class='ocr_par' dir='ltr' id='par_1_7' title="bbox 487 1586 1231 1673">
     <span class='ocr_line' id='line_1_11' title="bbox 487 1586 1231 1673; baseline 0.003 -22"><span class='ocrx_word' id='word_1_63' title='bbox 487 1586 540 1670; x_wconf 88' lang='grc'><strong>(0)</strong></span> <span class='ocrx_word' id='word_1_64' title='bbox 566 1586 650 1651; x_wconf 82' lang='lat' dir='ltr'><strong>Both</strong></span> <span class='ocrx_word' id='word_1_65' title='bbox 672 1587 762 1653; x_wconf 77' lang='grc'><strong>00060</strong></span> <span class='ocrx_word' id='word_1_66' title='bbox 780 1608 835 1653; x_wconf 84' lang='lat' dir='ltr'><strong>are</strong></span> <span class='ocrx_word' id='word_1_67' title='bbox 855 1586 892 1651; x_wconf 77' lang='grc'><strong>60</strong></span> <span class='ocrx_word' id='word_1_68' title='bbox 913 1588 966 1653; x_wconf 81' lang='lat' dir='ltr'>tte</span> <span class='ocrx_word' id='word_1_69' title='bbox 986 1591 1114 1673; x_wconf 73' lang='grc'><strong>0000006</strong></span> <span class='ocrx_word' id='word_1_70' title='bbox 1135 1593 1231 1654; x_wconf 71' lang='lat' dir='ltr'>terrae.</span> 
     </span>
    </p>
   </div>
   <div class='ocr_carea' id='block_1_8' title="bbox 238 1713 1496 4105">
    <p class='ocr_par' dir='ltr' id='par_1_8' title="bbox 238 1713 1496 4105">
     <span class='ocr_line' id='line_1_12' title="bbox 282 1713 1489 1799; baseline 0.002 -21"><span class='ocrx_word' id='word_1_71' title='bbox 282 1713 401 1779; x_wconf 84' lang='lat' dir='ltr'>Heaut.</span> <span class='ocrx_word' id='word_1_72' title='bbox 417 1716 468 1793; x_wconf 92' lang='grc'><strong>76,</strong></span> <span class='ocrx_word' id='word_1_73' title='bbox 484 1718 522 1781; x_wconf 88' lang='grc'><strong>06</strong></span> <span class='ocrx_word' id='word_1_74' title='bbox 539 1734 629 1781; x_wconf 83' lang='lat' dir='ltr'>eures</span> <span class='ocrx_word' id='word_1_75' title='bbox 645 1735 777 1799; x_wconf 77' lang='lat' dir='ltr'>eaquae</span> <span class='ocrx_word' id='word_1_76' title='bbox 793 1714 843 1781; x_wconf 89' lang='lat' dir='ltr'><strong>nil</strong></span> <span class='ocrx_word' id='word_1_77' title='bbox 929 1716 1024 1781; x_wconf 80' lang='grc'><strong>16006</strong></span> <span class='ocrx_word' id='word_1_78' title='bbox 1047 1720 1119 1795; x_wconf 88' lang='grc'><strong>173,</strong></span> <span class='ocrx_word' id='word_1_79' title='bbox 1139 1717 1176 1783; x_wconf 92' lang='lat' dir='ltr'><strong>id</strong></span> <span class='ocrx_word' id='word_1_80' title='bbox 1196 1717 1304 1783; x_wconf 87' lang='lat' dir='ltr'>euenit</span> <span class='ocrx_word' id='word_1_81' title='bbox 1323 1720 1362 1783; x_wconf 88' lang='lat' dir='ltr'><strong>ut</strong></span> <span class='ocrx_word' id='word_1_82' title='bbox 1382 1714 1489 1781; x_wconf 79' lang='grc'><strong>(600006</strong></span> 
     </span>
     <span class='ocr_line' id='line_1_13' title="bbox 242 1812 1180 1899; baseline 0.003 -21"><span class='ocrx_word' id='word_1_83' title='bbox 242 1812 402 1888; x_wconf 70' lang='grc'><strong>06660006·</strong></span> <span class='ocrx_word' id='word_1_84' title='bbox 442 1815 537 1879; x_wconf 78' lang='lat' dir='ltr'><strong>Most.</strong></span> <span class='ocrx_word' id='word_1_85' title='bbox 570 1818 641 1893; x_wconf 92' lang='grc'><strong>396,</strong></span> <span class='ocrx_word' id='word_1_86' title='bbox 673 1820 720 1881; x_wconf 87' lang='grc' dir='ltr'><strong>06Ι</strong></span> <span class='ocrx_word' id='word_1_87' title='bbox 741 1815 843 1881; x_wconf 77' lang='lat' dir='ltr'>facies</span> <span class='ocrx_word' id='word_1_88' title='bbox 885 1815 1042 1899; x_wconf 89' lang='lat' dir='ltr'><strong>quidquid</strong></span> <span class='ocrx_word' id='word_1_89' title='bbox 1056 1816 1180 1881; x_wconf 83' lang='grc'><strong>606000.</strong></span> 
     </span>
     <span class='ocr_line' id='line_1_14' title="bbox 241 1913 1468 1997; baseline 0 -20"><span class='ocrx_word' id='word_1_90' title='bbox 241 1914 325 1997; x_wconf 79' lang='lat' dir='ltr'><strong>qaod</strong></span> <span class='ocrx_word' id='word_1_91' title='bbox 361 1913 471 1989; x_wconf 72' lang='grc' dir='ltr'><strong>6060ος</strong></span> <span class='ocrx_word' id='word_1_92' title='bbox 508 1915 593 1979; x_wconf 80' lang='lat' dir='ltr'><strong>Eun.</strong></span> <span class='ocrx_word' id='word_1_93' title='bbox 631 1918 703 1993; x_wconf 90' lang='grc'><strong>396,</strong></span> <span class='ocrx_word' id='word_1_94' title='bbox 739 1914 842 1996; x_wconf 58' lang='lat' dir='ltr'><strong>facim</strong></span> <span class='ocrx_word' id='word_1_95' title='bbox 911 1915 1026 1981; x_wconf 78' lang='lat' dir='ltr'>Mero.</span> <span class='ocrx_word' id='word_1_96' title='bbox 1061 1918 1155 1994; x_wconf 88' lang='grc'><strong>1006,</strong></span> <span class='ocrx_word' id='word_1_97' title='bbox 1186 1913 1301 1981; x_wconf 86' lang='lat' dir='ltr'>arbitri</span> <span class='ocrx_word' id='word_1_98' title='bbox 1332 1918 1371 1979; x_wconf 91' lang='lat' dir='ltr'><strong>ut</strong></span> <span class='ocrx_word' id='word_1_99' title='bbox 1402 1914 1468 1979; x_wconf 79' lang='lat' dir='ltr'>sint</span> 
     </span>
     <span class='ocr_line' id='line_1_15' title="bbox 238 2011 1170 2101; baseline 0.004 -25"><span class='ocrx_word' id='word_1_100' title='bbox 238 2011 339 2077; x_wconf 83' lang='lat' dir='ltr'><strong>Andr.</strong></span> <span class='ocrx_word' id='word_1_101' title='bbox 358 2016 430 2091; x_wconf 90' lang='grc'><strong>390,</strong></span> <span class='ocrx_word' id='word_1_102' title='bbox 446 2019 522 2079; x_wconf 85' lang='grc'><strong>0006</strong></span> <span class='ocrx_word' id='word_1_103' title='bbox 540 2018 643 2090; x_wconf 63' lang='grc'><strong>00060·</strong></span> <span class='ocrx_word' id='word_1_104' title='bbox 659 2015 749 2081; x_wconf 81' lang='lat' dir='ltr'><strong>Asin.</strong></span> <span class='ocrx_word' id='word_1_105' title='bbox 768 2020 840 2096; x_wconf 87' lang='grc'><strong>176,</strong></span> <span class='ocrx_word' id='word_1_106' title='bbox 886 2014 942 2099; x_wconf 88' lang='lat' dir='ltr'><strong>qui</strong></span> <span class='ocrx_word' id='word_1_107' title='bbox 960 2018 1170 2101; x_wconf 72' lang='lat' dir='ltr'>praetereant.</span> 
     </span>
     <span class='ocr_line' id='line_1_16' title="bbox 239 2112 1469 2199; baseline -0.001 -21"><span class='ocrx_word' id='word_1_108' title='bbox 239 2114 328 2189; x_wconf 77' lang='lat' dir='ltr'>nolt;</span> <span class='ocrx_word' id='word_1_109' title='bbox 351 2113 445 2179; x_wconf 80' lang='lat' dir='ltr'>Oura.</span> <span class='ocrx_word' id='word_1_110' title='bbox 471 2117 522 2190; x_wconf 91' lang='grc'><strong>66,</strong></span> <span class='ocrx_word' id='word_1_111' title='bbox 545 2112 669 2181; x_wconf 67' lang='lat' dir='ltr'>adrat.</span> <span class='ocrx_word' id='word_1_112' title='bbox 929 2115 1030 2180; x_wconf 85' lang='lat' dir='ltr'>Mera..</span> <span class='ocrx_word' id='word_1_113' title='bbox 1058 2117 1132 2193; x_wconf 92' lang='grc'><strong>840,</strong></span> <span class='ocrx_word' id='word_1_114' title='bbox 1162 2114 1219 2179; x_wconf 90' lang='lat' dir='ltr'><strong>ubi</strong></span> <span class='ocrx_word' id='word_1_115' title='bbox 1248 2113 1284 2179; x_wconf 94' lang='lat' dir='ltr'><strong>id</strong></span> <span class='ocrx_word' id='word_1_116' title='bbox 1312 2113 1469 2199; x_wconf 79' lang='lat' dir='ltr'>eripiatur</span> 
     </span>
     <span class='ocr_line' id='line_1_17' title="bbox 886 2213 1122 2300; baseline 0.008 -22"><span class='ocrx_word' id='word_1_117' title='bbox 886 2213 971 2297; x_wconf 86' lang='lat' dir='ltr'><strong>quod</strong></span> <span class='ocrx_word' id='word_1_118' title='bbox 989 2215 1122 2300; x_wconf 82' lang='lat' dir='ltr'>plaeeat</span> 
     </span>
     <span class='ocr_line' id='line_1_18' title="bbox 927 2312 1489 2396; baseline 0.002 -18"><span class='ocrx_word' id='word_1_119' title='bbox 927 2314 1042 2380; x_wconf 82' lang='lat' dir='ltr'><strong>Bacch.</strong></span> <span class='ocrx_word' id='word_1_120' title='bbox 1059 2312 1274 2393; x_wconf 68' lang='grc' dir='ltr'><strong>3601060ιὶ</strong></span> <span class='ocrx_word' id='word_1_121' title='bbox 1296 2362 1305 2378; x_wconf 98' lang='lat'><strong>.</strong></span> <span class='ocrx_word' id='word_1_122' title='bbox 1327 2361 1337 2378; x_wconf 95' lang='lat'><strong>.</strong></span> <span class='ocrx_word' id='word_1_123' title='bbox 1359 2361 1368 2379; x_wconf 88' lang='lat'><strong>.</strong></span> <span class='ocrx_word' id='word_1_124' title='bbox 1390 2332 1489 2396; x_wconf 82' lang='lat' dir='ltr'>quan-</span> 
     </span>
     <span class='ocr_line' id='line_1_19' title="bbox 885 2404 1496 2481; baseline -0.008 0"><span class='ocrx_word' id='word_1_125' title='bbox 885 2419 957 2481; x_wconf 89' lang='lat' dir='ltr'><strong>tum</strong></span> <span class='ocrx_word' id='word_1_126' title='bbox 972 2415 1078 2481; x_wconf 80' lang='grc'><strong>606006</strong></span> <span class='ocrx_word' id='word_1_127' title='bbox 1091 2414 1223 2480; x_wconf 82' lang='lat' dir='ltr'>reddere</span> <span class='ocrx_word' id='word_1_128' title='bbox 1237 2418 1274 2480; x_wconf 88' lang='grc'><strong>06</strong></span> <span class='ocrx_word' id='word_1_129' title='bbox 1288 2412 1410 2479; x_wconf 86' lang='lat' dir='ltr'>reddat.</span> <span class='ocrx_word' id='word_1_130' title='bbox 1493 2404 1496 2408; x_wconf 45' lang='lat'><strong>⁴</strong></span> 
     </span>
     <span class='ocr_line' id='line_1_20' title="bbox 932 2512 1489 2598; baseline -0.011 -18"><span class='ocrx_word' id='word_1_131' title='bbox 932 2516 1062 2580; x_wconf 83' lang='lat' dir='ltr'><strong>Pham.</strong></span> <span class='ocrx_word' id='word_1_132' title='bbox 1105 2518 1220 2592; x_wconf 90' lang='grc'><strong>163-4,</strong></span> <span class='ocrx_word' id='word_1_133' title='bbox 1260 2517 1299 2579; x_wconf 93' lang='grc'><strong>06</strong></span> <span class='ocrx_word' id='word_1_134' title='bbox 1340 2512 1396 2598; x_wconf 79' lang='lat' dir='ltr'><strong>qui</strong></span> <span class='ocrx_word' id='word_1_135' title='bbox 1417 2560 1425 2577; x_wconf 92' lang='lat'><strong>.</strong></span> <span class='ocrx_word' id='word_1_136' title='bbox 1449 2560 1489 2575; x_wconf 95' lang='lat'><strong>..</strong></span> 
     </span>
     <span class='ocr_line' id='line_1_21' title="bbox 886 2611 1391 2700; baseline -0.01 -19"><span class='ocrx_word' id='word_1_137' title='bbox 886 2617 967 2682; x_wconf 75' lang='lat' dir='ltr'>uelit</span> <span class='ocrx_word' id='word_1_138' title='bbox 984 2619 1109 2700; x_wconf 88' lang='lat' dir='ltr'>petrem</span> <span class='ocrx_word' id='word_1_139' title='bbox 1124 2617 1163 2680; x_wconf 91' lang='grc'><strong>06</strong></span> <span class='ocrx_word' id='word_1_140' title='bbox 1180 2611 1391 2679; x_wconf 77' lang='lat' dir='ltr'>extimescam.</span> 
     </span>
     <span class='ocr_line' id='line_1_22' title="bbox 930 2712 1491 2800; baseline -0.007 -20"><span class='ocrx_word' id='word_1_141' title='bbox 930 2715 1048 2800; x_wconf 83' lang='lat' dir='ltr'><strong>Amph.</strong></span> <span class='ocrx_word' id='word_1_142' title='bbox 1075 2718 1147 2794; x_wconf 80' lang='grc'><strong>834,</strong></span> <span class='ocrx_word' id='word_1_143' title='bbox 1173 2714 1289 2780; x_wconf 82' lang='lat' dir='ltr'>absunt</span> <span class='ocrx_word' id='word_1_144' title='bbox 1313 2716 1409 2780; x_wconf 67' lang='lat' dir='ltr'>testes</span> <span class='ocrx_word' id='word_1_145' title='bbox 1436 2712 1491 2795; x_wconf 88' lang='lat' dir='ltr'><strong>qui</strong></span> 
     </span>
     <span class='ocr_line' id='line_1_23' title="bbox 886 2815 1405 2902; baseline -0.013 -18"><span class='ocrx_word' id='word_1_146' title='bbox 886 2819 970 2884; x_wconf 89' lang='lat' dir='ltr'><strong>illud</strong></span> <span class='ocrx_word' id='word_1_147' title='bbox 988 2817 1073 2902; x_wconf 80' lang='lat' dir='ltr'><strong>qued</strong></span> <span class='ocrx_word' id='word_1_148' title='bbox 1091 2817 1195 2884; x_wconf 72' lang='lat' dir='ltr'><strong>dicam</strong></span> <span class='ocrx_word' id='word_1_149' title='bbox 1214 2815 1405 2881; x_wconf 78' lang='lat' dir='ltr'>adsentiant.</span> 
     </span>
     <span class='ocr_line' id='line_1_24' title="bbox 284 2914 1491 3000; baseline -0.002 -20"><span class='ocrx_word' id='word_1_150' title='bbox 284 2915 375 2981; x_wconf 92' lang='lat' dir='ltr'><strong>Adel.</strong></span> <span class='ocrx_word' id='word_1_151' title='bbox 396 2920 468 2995; x_wconf 80' lang='grc'><strong>833,</strong></span> <span class='ocrx_word' id='word_1_152' title='bbox 487 2917 550 2982; x_wconf 90' lang='lat' dir='ltr'><strong>duo</strong></span> <span class='ocrx_word' id='word_1_153' title='bbox 570 2939 641 2982; x_wconf 82' lang='grc'><strong>000</strong></span> <span class='ocrx_word' id='word_1_154' title='bbox 661 2917 746 2983; x_wconf 78' lang='lat' dir='ltr'>idem</span> <span class='ocrx_word' id='word_1_155' title='bbox 764 2918 845 3000; x_wconf 72' lang='lat' dir='ltr'>saei-</span> <span class='ocrx_word' id='word_1_156' title='bbox 929 2918 1004 2982; x_wconf 88' lang='lat' dir='ltr'><strong>Aul.</strong></span> <span class='ocrx_word' id='word_1_157' title='bbox 1048 2921 1121 2996; x_wconf 89' lang='grc'><strong>791,</strong></span> <span class='ocrx_word' id='word_1_158' title='bbox 1162 2920 1230 2982; x_wconf 80' lang='lat' dir='ltr'>tem</span> <span class='ocrx_word' id='word_1_159' title='bbox 1271 2915 1365 2998; x_wconf 87' lang='lat' dir='ltr'>parui</span> <span class='ocrx_word' id='word_1_160' title='bbox 1406 2914 1491 2997; x_wconf 91' lang='lat' dir='ltr'>preti</span> 
     </span>
     <span class='ocr_line' id='line_1_25' title="bbox 240 3016 1366 3103; baseline -0.004 -21"><span class='ocrx_word' id='word_1_161' title='bbox 240 3021 301 3082; x_wconf 82' lang='grc'><strong>006</strong></span> <span class='ocrx_word' id='word_1_162' title='bbox 317 3037 407 3100; x_wconf 84' lang='lat' dir='ltr'>saepe</span> <span class='ocrx_word' id='word_1_163' title='bbox 423 3022 461 3081; x_wconf 90' lang='grc'><strong>06</strong></span> <span class='ocrx_word' id='word_1_164' title='bbox 476 3019 576 3100; x_wconf 80' lang='lat' dir='ltr'>possis</span> <span class='ocrx_word' id='word_1_165' title='bbox 593 3019 703 3083; x_wconf 82' lang='lat' dir='ltr'>dicere.</span> <span class='ocrx_word' id='word_1_166' title='bbox 888 3039 983 3103; x_wconf 79' lang='lat' dir='ltr'><strong><em>quom</em></strong></span> <span class='ocrx_word' id='word_1_167' title='bbox 1003 3018 1122 3102; x_wconf 75' lang='lat' dir='ltr'>pudeat</span> <span class='ocrx_word' id='word_1_168' title='bbox 1143 3016 1223 3100; x_wconf 90' lang='lat' dir='ltr'>quin</span> <span class='ocrx_word' id='word_1_169' title='bbox 1242 3018 1366 3100; x_wconf 82' lang='lat' dir='ltr'>purget.</span> 
     </span>
     <span class='ocr_line' id='line_1_26' title="bbox 931 3111 1491 3198; baseline -0.011 -16"><span class='ocrx_word' id='word_1_170' title='bbox 931 3119 1022 3182; x_wconf 82' lang='lat' dir='ltr'><strong>Asin.</strong></span> <span class='ocrx_word' id='word_1_171' title='bbox 1053 3121 1125 3195; x_wconf 82' lang='lat'><strong>945,</strong></span> <span class='ocrx_word' id='word_1_172' title='bbox 1155 3120 1224 3182; x_wconf 78' lang='lat' dir='ltr'>tem</span> <span class='ocrx_word' id='word_1_173' title='bbox 1253 3114 1381 3198; x_wconf 80' lang='lat' dir='ltr'>ingenio</span> <span class='ocrx_word' id='word_1_174' title='bbox 1411 3111 1491 3178; x_wconf 83' lang='lat' dir='ltr'>duro</span> 
     </span>
     <span class='ocr_line' id='line_1_27' title="bbox 886 3215 1405 3302; baseline -0.01 -21"><span class='ocrx_word' id='word_1_175' title='bbox 886 3219 966 3302; x_wconf 87' lang='lat' dir='ltr'>quin</span> <span class='ocrx_word' id='word_1_176' title='bbox 979 3217 1036 3283; x_wconf 79' lang='grc'><strong>006</strong></span> <span class='ocrx_word' id='word_1_177' title='bbox 1057 3267 1065 3282; x_wconf 94' lang='grc'><strong>.</strong></span> <span class='ocrx_word' id='word_1_178' title='bbox 1088 3264 1096 3281; x_wconf 91' lang='grc'><strong>.</strong></span> <span class='ocrx_word' id='word_1_179' title='bbox 1120 3264 1128 3281; x_wconf 91' lang='grc'><strong>.</strong></span> <span class='ocrx_word' id='word_1_180' title='bbox 1149 3215 1304 3280; x_wconf 83' lang='lat' dir='ltr'>eitieeiat</span> <span class='ocrx_word' id='word_1_181' title='bbox 1317 3215 1405 3278; x_wconf 88' lang='lat' dir='ltr'>hene.</span> 
     </span>
     <span class='ocr_line' id='line_1_28' title="bbox 933 3315 1492 3402; baseline -0.013 -16"><span class='ocrx_word' id='word_1_182' title='bbox 933 3321 1061 3386; x_wconf 87' lang='lat' dir='ltr'>Phorm.</span> <span class='ocrx_word' id='word_1_183' title='bbox 1093 3324 1165 3398; x_wconf 87' lang='grc'><strong>164,</strong></span> <span class='ocrx_word' id='word_1_184' title='bbox 1193 3323 1318 3402; x_wconf 88' lang='lat' dir='ltr'>petrem</span> <span class='ocrx_word' id='word_1_185' title='bbox 1345 3320 1383 3380; x_wconf 91' lang='lat' dir='ltr'><strong>ut</strong></span> <span class='ocrx_word' id='word_1_186' title='bbox 1411 3315 1492 3381; x_wconf 85' lang='lat' dir='ltr'>exti-</span> 
     </span>
     <span class='ocr_line' id='line_1_29' title="bbox 888 3416 1232 3486; baseline -0.012 0"><span class='ocrx_word' id='word_1_187' title='bbox 888 3441 1025 3486; x_wconf 79' lang='lat' dir='ltr'>mescam</span> <span class='ocrx_word' id='word_1_188' title='bbox 1041 3419 1098 3485; x_wconf 80' lang='lat' dir='ltr'><strong>ahi</strong></span> <span class='ocrx_word' id='word_1_189' title='bbox 1112 3416 1232 3484; x_wconf 80' lang='grc'><strong>000606.</strong></span> 
     </span>
     <span class='ocr_line' id='line_1_30' title="bbox 932 3515 1491 3601; baseline -0.014 -15"><span class='ocrx_word' id='word_1_190' title='bbox 932 3522 1011 3586; x_wconf 87' lang='lat' dir='ltr'>Hee.</span> <span class='ocrx_word' id='word_1_191' title='bbox 1060 3522 1132 3596; x_wconf 94' lang='grc'><strong>608,</strong></span> <span class='ocrx_word' id='word_1_192' title='bbox 1179 3518 1234 3601; x_wconf 88' lang='lat' dir='ltr'><strong>qui</strong></span> <span class='ocrx_word' id='word_1_193' title='bbox 1279 3515 1491 3600; x_wconf 76' lang='lat' dir='ltr'>ntiqaomqee</span> 
     </span>
     <span class='ocr_line' id='line_1_31' title="bbox 889 3619 1166 3706; baseline -0.018 -19"><span class='ocrx_word' id='word_1_194' title='bbox 889 3642 969 3706; x_wconf 83' lang='lat' dir='ltr'>opus</span> <span class='ocrx_word' id='word_1_195' title='bbox 986 3620 1039 3695; x_wconf 80' lang='lat' dir='ltr'>eit,</span> <span class='ocrx_word' id='word_1_196' title='bbox 1057 3619 1166 3704; x_wconf 81' lang='lat' dir='ltr'>possit.</span> 
     </span>
     <span class='ocr_line' id='line_1_32' title="bbox 285 3719 845 3805; baseline 0.007 -23"><span class='ocrx_word' id='word_1_197' title='bbox 285 3719 376 3784; x_wconf 88' lang='lat' dir='ltr'><strong>Adel.</strong></span> <span class='ocrx_word' id='word_1_198' title='bbox 398 3723 448 3799; x_wconf 89' lang='grc'><strong>39,</strong></span> <span class='ocrx_word' id='word_1_199' title='bbox 467 3719 545 3803; x_wconf 90' lang='lat' dir='ltr'><strong>quid</strong></span> <span class='ocrx_word' id='word_1_200' title='bbox 563 3721 605 3787; x_wconf 83' lang='lat' dir='ltr'>eit</span> <span class='ocrx_word' id='word_1_201' title='bbox 624 3721 728 3786; x_wconf 80' lang='lat' dir='ltr'>carius</span> <span class='ocrx_word' id='word_1_202' title='bbox 750 3741 845 3805; x_wconf 89' lang='lat' dir='ltr'>quam</span> 
     </span>
     <span class='ocr_line' id='line_1_33' title="bbox 242 3819 468 3903; baseline 0 -20"><span class='ocrx_word' id='word_1_203' title='bbox 242 3819 309 3903; x_wconf 75' lang='lat' dir='ltr'>ipre</span> <span class='ocrx_word' id='word_1_204' title='bbox 331 3822 377 3884; x_wconf 81' lang='lat' dir='ltr'><strong>eet</strong></span> <span class='ocrx_word' id='word_1_205' title='bbox 399 3819 468 3883; x_wconf 82' lang='lat' dir='ltr'>sibi.</span> 
     </span>
     <span class='ocr_line' id='line_1_34' title="bbox 287 3916 1492 4006; baseline -0.007 -22"><span class='ocrx_word' id='word_1_206' title='bbox 287 3917 401 3984; x_wconf 86' lang='lat' dir='ltr'><strong>Pseud.</strong></span> <span class='ocrx_word' id='word_1_207' title='bbox 434 3923 505 3997; x_wconf 92' lang='grc'><strong>860,</strong></span> <span class='ocrx_word' id='word_1_208' title='bbox 535 3924 572 3984; x_wconf 90' lang='grc'><strong>06</strong></span> <span class='ocrx_word' id='word_1_209' title='bbox 590 3925 754 4005; x_wconf 83' lang='lat' dir='ltr'>appareat</span> <span class='ocrx_word' id='word_1_210' title='bbox 784 3940 844 4006; x_wconf 82' lang='lat' dir='ltr'><strong>quo</strong></span> <span class='ocrx_word' id='word_1_211' title='bbox 930 3920 1014 3984; x_wconf 80' lang='lat' dir='ltr'><strong>Eun</strong></span> <span class='ocrx_word' id='word_1_212' title='bbox 1031 3922 1103 3996; x_wconf 88' lang='grc'><strong>664,</strong></span> <span class='ocrx_word' id='word_1_213' title='bbox 1118 3916 1173 4001; x_wconf 89' lang='lat' dir='ltr'><strong>qui</strong></span> <span class='ocrx_word' id='word_1_214' title='bbox 1187 3934 1238 3980; x_wconf 91' lang='lat' dir='ltr'>me</span> <span class='ocrx_word' id='word_1_215' title='bbox 1252 3917 1401 3996; x_wconf 84' lang='lat' dir='ltr'>sequatur</span> <span class='ocrx_word' id='word_1_216' title='bbox 1416 3931 1492 3995; x_wconf 79' lang='lat' dir='ltr'><strong><em>quo·</em></strong></span> 
     </span>
     <span class='ocr_line' id='line_1_35' title="bbox 243 4017 1049 4105; baseline -0.001 -20"><span class='ocrx_word' id='word_1_217' title='bbox 243 4017 347 4085; x_wconf 76' lang='lat' dir='ltr'>nenio.</span> <span class='ocrx_word' id='word_1_218' title='bbox 890 4041 951 4105; x_wconf 78' lang='lat' dir='ltr'><strong>quo</strong></span> <span class='ocrx_word' id='word_1_219' title='bbox 971 4041 1049 4086; x_wconf 82' lang='grc'><strong>000.</strong></span> 
     </span>
    </p>
   </div>
   <div class='ocr_carea' id='block_1_9' title="bbox 521 4153 1221 4236">
    <p class='ocr_par' dir='ltr' id='par_1_9' title="bbox 521 4153 1221 4236">
     <span class='ocr_line' id='line_1_36' title="bbox 521 4153 1221 4236; baseline -0.009 -18"><span class='ocrx_word' id='word_1_220' title='bbox 521 4153 574 4236; x_wconf 82' lang='grc'><strong>(0)</strong></span> <span class='ocrx_word' id='word_1_221' title='bbox 597 4154 682 4218; x_wconf 79' lang='lat' dir='ltr'>Beth</span> <span class='ocrx_word' id='word_1_222' title='bbox 702 4154 792 4220; x_wconf 80' lang='grc'><strong>00060</strong></span> <span class='ocrx_word' id='word_1_223' title='bbox 810 4153 846 4218; x_wconf 77' lang='lat' dir='ltr'><strong>in</strong></span> <span class='ocrx_word' id='word_1_224' title='bbox 864 4154 919 4220; x_wconf 72' lang='lat' dir='ltr'><strong>ree</strong></span> <span class='ocrx_word' id='word_1_225' title='bbox 937 4153 1106 4236; x_wconf 74' lang='lat' dir='ltr'>imperfect</span> <span class='ocrx_word' id='word_1_226' title='bbox 1124 4154 1221 4214; x_wconf 81' lang='grc'><strong>60000.</strong></span> 
     </span>
    </p>
   </div>
   <div class='ocr_carea' id='block_1_10' title="bbox 285 4271 1490 4363">
    <p class='ocr_par' dir='ltr' id='par_1_10' title="bbox 285 4271 1490 4363">
     <span class='ocr_line' id='line_1_37' title="bbox 285 4271 1490 4363; baseline -0.009 -22"><span class='ocrx_word' id='word_1_227' title='bbox 285 4278 370 4341; x_wconf 81' lang='lat' dir='ltr'>Men</span> <span class='ocrx_word' id='word_1_228' title='bbox 399 4281 450 4356; x_wconf 81' lang='lat'><strong>20,</strong></span> <span class='ocrx_word' id='word_1_229' title='bbox 478 4281 516 4342; x_wconf 88' lang='grc'><strong>06</strong></span> <span class='ocrx_word' id='word_1_230' title='bbox 542 4299 608 4342; x_wconf 88' lang='grc'><strong>000</strong></span> <span class='ocrx_word' id='word_1_231' title='bbox 635 4283 739 4361; x_wconf 84' lang='lat' dir='ltr'>posset</span> <span class='ocrx_word' id='word_1_232' title='bbox 766 4298 845 4363; x_wconf 79' lang='lat' dir='ltr'>quae</span> <span class='ocrx_word' id='word_1_233' title='bbox 932 4277 1050 4360; x_wconf 82' lang='lat' dir='ltr'><strong>Amph.</strong></span> <span class='ocrx_word' id='word_1_234' title='bbox 1069 4278 1121 4352; x_wconf 86' lang='grc'><strong>47,</strong></span> <span class='ocrx_word' id='word_1_235' title='bbox 1141 4277 1178 4338; x_wconf 89' lang='grc'><strong>06</strong></span> <span class='ocrx_word' id='word_1_236' title='bbox 1195 4271 1397 4355; x_wconf 79' lang='lat' dir='ltr'>exprobraret</span> <span class='ocrx_word' id='word_1_237' title='bbox 1420 4315 1428 4330; x_wconf 94' lang='lat'><strong>.</strong></span> <span class='ocrx_word' id='word_1_238' title='bbox 1451 4313 1490 4330; x_wconf 94' lang='lat'><strong>..</strong></span> 
     </span>
    </p>
   </div>
   <div class='ocr_carea' id='block_1_11' title="bbox 242 4377 1492 4561">
    <p class='ocr_par' dir='ltr' id='par_1_11' title="bbox 242 4377 1492 4561">
     <span class='ocr_line' id='line_1_38' title="bbox 244 4377 1118 4464; baseline -0.003 -22"><span class='ocrx_word' id='word_1_239' title='bbox 244 4397 417 4444; x_wconf 86' lang='lat' dir='ltr'>mammam</span> <span class='ocrx_word' id='word_1_240' title='bbox 443 4379 556 4454; x_wconf 81' lang='lat' dir='ltr'><strong>dadai;</strong></span> <span class='ocrx_word' id='word_1_241' title='bbox 581 4380 668 4444; x_wconf 83' lang='lat' dir='ltr'>Pers.</span> <span class='ocrx_word' id='word_1_242' title='bbox 694 4384 766 4459; x_wconf 76' lang='grc'><strong>061,</strong></span> <span class='ocrx_word' id='word_1_243' title='bbox 791 4380 847 4464; x_wconf 90' lang='lat' dir='ltr'><strong>qui</strong></span> <span class='ocrx_word' id='word_1_244' title='bbox 890 4379 975 4463; x_wconf 81' lang='lat' dir='ltr'><strong>quod</strong></span> <span class='ocrx_word' id='word_1_245' title='bbox 990 4377 1118 4458; x_wconf 71' lang='lat' dir='ltr'>faceret.</span> 
     </span>
     <span class='ocr_line' id='line_1_39' title="bbox 242 4468 1492 4561; baseline -0.013 -19"><span class='ocrx_word' id='word_1_246' title='bbox 242 4478 333 4542; x_wconf 88' lang='lat' dir='ltr'>daret</span> <span class='ocrx_word' id='word_1_247' title='bbox 349 4478 461 4561; x_wconf 73' lang='lat' dir='ltr'>quoire</span> <span class='ocrx_word' id='word_1_248' title='bbox 477 4479 644 4561; x_wconf 85' lang='lat' dir='ltr'>ingenium</span> <span class='ocrx_word' id='word_1_249' title='bbox 660 4483 803 4545; x_wconf 78' lang='lat' dir='ltr'>nouerat.</span> <span class='ocrx_word' id='word_1_250' title='bbox 838 4525 842 4544; x_wconf 83' lang='lat'><strong>.</strong></span> <span class='ocrx_word' id='word_1_251' title='bbox 933 4476 1008 4541; x_wconf 89' lang='lat' dir='ltr'><strong>Aul.</strong></span> <span class='ocrx_word' id='word_1_252' title='bbox 1027 4479 1099 4553; x_wconf 89' lang='grc'><strong>740,</strong></span> <span class='ocrx_word' id='word_1_253' title='bbox 1116 4476 1154 4538; x_wconf 90' lang='grc'><strong>06</strong></span> <span class='ocrx_word' id='word_1_254' title='bbox 1170 4471 1204 4535; x_wconf 90' lang='lat' dir='ltr'><strong>id</strong></span> <span class='ocrx_word' id='word_1_255' title='bbox 1221 4468 1305 4553; x_wconf 80' lang='lat' dir='ltr'><strong>qaod</strong></span> <span class='ocrx_word' id='word_1_256' title='bbox 1320 4486 1387 4531; x_wconf 90' lang='lat' dir='ltr'><strong>non</strong></span> <span class='ocrx_word' id='word_1_257' title='bbox 1402 4469 1492 4530; x_wconf 87' lang='lat' dir='ltr'>tuom</span> 
     </span>
    </p>
   </div>
   <div class='ocr_carea' id='block_1_12' title="bbox 891 4581 1493 4751">
    <p class='ocr_par' dir='ltr' id='par_1_12' title="bbox 891 4581 1493 4751">
     <span class='ocr_line' id='line_1_40' title="bbox 891 4581 1141 4659; baseline -0.024 -16"><span class='ocrx_word' id='word_1_258' title='bbox 891 4583 971 4644; x_wconf 79' lang='grc'><strong>00006</strong></span> <span class='ocrx_word' id='word_1_259' title='bbox 985 4581 1141 4659; x_wconf 85' lang='lat' dir='ltr'>tangeres.</span> 
     </span>
     <span class='ocr_line' id='line_1_41' title="bbox 931 4665 1493 4751; baseline -0.027 -9"><span class='ocrx_word' id='word_1_260' title='bbox 931 4676 1046 4742; x_wconf 83' lang='lat' dir='ltr'><strong>Bacch.</strong></span> <span class='ocrx_word' id='word_1_261' title='bbox 1068 4678 1140 4751; x_wconf 83' lang='grc'><strong>369,</strong></span> <span class='ocrx_word' id='word_1_262' title='bbox 1160 4670 1224 4735; x_wconf 81' lang='lat' dir='ltr'>feei</span> <span class='ocrx_word' id='word_1_263' title='bbox 1244 4671 1281 4734; x_wconf 91' lang='grc'><strong>06</strong></span> <span class='ocrx_word' id='word_1_264' title='bbox 1299 4665 1372 4731; x_wconf 86' lang='lat' dir='ltr'>auri</span> <span class='ocrx_word' id='word_1_265' title='bbox 1394 4684 1493 4747; x_wconf 75' lang='lat' dir='ltr'>quan·</span> 
     </span>
    </p>
   </div>
   <div class='ocr_carea' id='block_1_13' title="bbox 891 4770 1386 4866">
    <p class='ocr_par' dir='ltr' id='par_1_13' title="bbox 891 4770 1386 4866">
     <span class='ocr_line' id='line_1_42' title="bbox 891 4770 1386 4866; baseline -0.026 -27"><span class='ocrx_word' id='word_1_266' title='bbox 891 4778 960 4839; x_wconf 82' lang='lat' dir='ltr'><strong>tum</strong></span> <span class='ocrx_word' id='word_1_267' title='bbox 981 4775 1078 4838; x_wconf 79' lang='grc'><strong>006606</strong></span> <span class='ocrx_word' id='word_1_268' title='bbox 1099 4770 1245 4834; x_wconf 82' lang='lat' dir='ltr'>sumeret.</span> <span class='ocrx_word' id='word_1_269' title='bbox 1381 4855 1386 4866; x_wconf 88' lang='lat'><strong>.</strong></span> 
     </span>
    </p>
   </div>
   <div class='ocr_carea' id='block_1_14' title="bbox 0 0 1827 5364">
    <p class='ocr_par' dir='ltr' id='par_1_14' title="bbox 0 0 1827 5364">
     <span class='ocr_line' id='line_1_43' title="bbox 0 0 1827 5364; baseline 0 0"><span class='ocrx_word' id='word_1_270' title='bbox 0 0 1827 5364; x_wconf 95' lang='lat' dir='ltr'><strong> </strong></span> 
     </span>
    </p>
   </div>
  </div>
 </body>
</html>
