3634 5375
574 542 802 591 armenon
825 542 872 590 oi·
895 543 997 590 MOOD
1019 544 1060 591 ni
1083 543 1201 591 mni!
1223 544 1344 592 nme.

606 712 712 783 Stich.
732 718 811 800 121,
829 713 942 802 pridie
959 725 1078 784 oaueet
1092 739 1135 785 ne
1153 717 1260 786 faeiat
1278 719 1367 807 quod
1384 717 1498 809 piqeot
1516 743 1588 808 poe·

649 823 762 892 tridie.

607 931 704 1020 Cepi
732 936 810 1018 386,
835 942 875 1001 ιιι
897 934 1110 1021 potissimum
1135 936 1224 1023 quod
1246 935 1284 1003 in
1308 960 1380 1004 rem
1402 946 1491 1007 reete
1513 960 1586 1006 cou-

650 1041 751 1110 ducui
770 1052 865 1110 tuam
885 1043 923 1111 id
943 1052 1064 1131 petam

604 1149 704 1220 Most.
725 1155 802 1237 558,
821 1175 899 1220 eum
917 1152 1031 1221 uidete
1048 1163 1088 1221 ut
1104 1154 1218 1241 capies
1235 1155 1295 1243 qui
1312 1154 1425 1223 coedoi
1441 1154 1537 1224 mihi.

603 1259 699 1328 Pers.
719 1264 796 1345 616,
815 1260 883 1329 seio
900 1259 1046 1329 officium
1062 1262 1185 1347 meum,
1204 1272 1244 1330 ιιι
1261 1286 1345 1351 quoe
1362 1261 1489 1351 roqiier
1504 1285 1586 1331 uera

652 1366 797 1457 eloquar.

604 1475 743 1544 Phorm.
761 1480 840 1561 449,
858 1500 943 1566 quoe
958 1476 996 1543 in
1011 1500 1083 1546 rem
1096 1486 1192 1545 tuem
1206 1476 1277 1546 siut
1291 1502 1331 1547 ea
1346 1479 1452 1547 uelim
1466 1478 1585 1548 facias.

605 1585 695 1654 Eun.
714 1590 814 1672 1026,
829 1596 868 1655 ιιι
882 1586 1010 1656 faeiem
1025 1589 1114 1676 quod
1127 1587 1252 1656 iubeat.

606 1694 689 1763 Hee.
713 1699 766 1779 65,
786 1696 870 1782 quin
893 1744 901 1760 .
928 1745 937 1761 .
963 1744 971 1762 .
996 1693 1122 1763 leoeree
1140 1718 1301 1785 quemque
1319 1701 1419 1765 nocio
1436 1695 1493 1764 eie.

605 1801 731 1871 Heaut„
754 1802 831 1887 721,
851 1803 949 1891 queei
967 1826 1036 1870 non
1053 1826 1092 1870 ee
1111 1813 1257 1891 potestus
1275 1805 1321 1873 sit
1338 1814 1399 1872 tue
1417 1826 1481 1893 quo
1500 1803 1587 1872 uelis

653 1911 692 1978 in
708 1920 857 1998 tempore
876 1921 916 1980 ιιι
934 1922 970 1979 te
986 1911 1147 1981 exsoluee,

527 2040 533 2049 ’
607 2017 699 2088 Men.
740 2024 818 2105 549,
856 2030 896 2089 ιιι
932 2026 1098 2108 quonium
1134 2021 1265 2110 poesim
1301 2020 1425 2110 quique
1464 2019 1587 2090 liceum

651 2137 806 2195 ueneant.

607 2236 702 2321 Ouio,
722 2237 764 2303 R
784 2238 827 2304 R.
848 2240 880 2320 2,
900 2236 1031 2323 relique
1048 2260 1132 2325 quoe
1149 2236 1218 2305 eiui
1235 2245 1276 2306 ut
1293 2246 1516 2326 eompareant„

609 2343 703 2430 Oete,
719 2346 761 2414 R.
778 2345 821 2413 R.
838 2349 868 2430 2,
887 2368 971 2433 quoe
986 2344 1157 2433 supere-im
1172 2346 1226 2413 uti
1240 2354 1394 2413 ueneeni

342 2560 382 2629 F.
407 2560 610 2651 Depeudiuq
628 2584 722 2649 upon
740 2560 976 2650 Iudepeudeui
994 2560 1217 2649 Eupreeeioue
1238 2561 1277 2649 oi
1297 2560 1402 2630 Wielu

343 2726 412 2793 qm.
607 2701 704 2769 Asin.
725 2707 781 2787 44,
802 2700 838 2769 di
857 2701 923 2770 tibi
943 2702 1023 2770 dent
1041 2725 1290 2792 quaequomque
1310 2707 1412 2791 epioe.

608 2812 704 2880 Trin.
724 2812 801 2897 713,
820 2813 903 2881 bene
920 2814 1009 2902 quod
1025 2836 1106 2901 uque
1120 2813 1255 2881 eueniat
1270 2812 1345 2880 tibi.

607 2919 743 2987 Phorm.
769 2924 846 3004 552,
870 2919 907 2987 di
929 2918 1012 2988 bene
1033 2930 1171 2989 uertant
1192 2921 1280 3009 quod
1300 2942 1389 3008 uque.
1449 2919 1495 2988 So
1517 2919 1586 2987 eleo

653 3029 737 3098 Heu.
764 3028 861 3117 197.)

608 3139 710 3227 Epid.v
734 3139 779 3224 6,1
802 3139 839 3206 di
859 3139 1042 3228 deniquae
1062 3140 1157 3207 uelis.
1211 3138 1275 3225 (So
1296 3137 1366 3207 else
1384 3138 1478 3206 Pers.
1500 3142 1587 3222 4833

653 3247 756 3314 Poeiu
778 3252 886 3332 10553
906 3247 1012 3316 Stich.
1033 3252 1119 3332 4693
1139 3247 1234 3314 Prin.
1256 3246 1376 3333 1152.)

609 3355 704 3422 Trin.
725 3354 804 3440 437,
823 3354 859 3423 di
879 3355 980 3424 duint
995 3354 1060 3423 tibi
1079 3378 1328 3444 quaequomque
1346 3358 1448 3442 optes.

608 3464 776 3531 Afranius
805 3468 882 3550 358,
911 3463 948 3530 di
974 3463 1039 3532 tibi
1067 3462 1148 3530 dent
1173 3463 1313 3551 proprie
1339 3484 1587 3552 quaequomque

654 3576 797 3660 exoptes.

344 3789 384 3859 G.
410 3788 613 3878 Depeuqu
629 3811 722 3878 upon
738 3787 892 3856 Another
906 3787 1146 3877 Auuipuory
1163 3785 1397 3874 subjunctive.

345 3970 431 4016 cum.
608 3945 735 4014 Heuui
756 3949 833 4030 544,
860 3943 1047 4033 (expectat)
1070 3945 1152 4013 dum
1169 3944 1227 4012 hio
1245 3943 1355 4012 denuo
1373 3943 1471 4012 ebeet
1490 3965 1589 4032 quom

653 4055 795 4124 tolerare
818 4053 913 4124 illius
935 4064 1089 4143 sumptus
1111 4077 1180 4122 non
1202 4057 1310 4143 queat.

344 4161 412 4252 qui.
608 4161 712 4231 Poen.
736 4162 813 4248 747,
835 4185 937 4252 quam
960 4213 969 4230 .
995 4213 1004 4230 .
1029 4213 1038 4230 .
1064 4163 1153 4251 quod
1175 4163 1355 4250 loquouiur
1375 4160 1543 4228 oreduum.

397 4301 482 4354 1Τιιὶε
503 4302 665 4370 expression
686 4302 742 4354 end
765 4302 804 4354 its
826 4301 1002 4368 equivalente
1023 4315 1073 4353 ere
1093 4302 1172 4354 often
1193 4301 1262 4353 used
1284 4301 1315 4352 in
1338 4300 1511 4353 salutatione
1533 4297 1589 4351 and

344 4400 417 4438 seem
434 4387 466 4438 ιο
485 4387 559 4438 refer
577 4388 608 4439 to
626 4386 675 4438 the
694 4387 800 4439 future.
846 4379 1020 4453 Iniereeting
1037 4384 1171 4437 verietiee
1190 4385 1220 4437 oi
1238 4386 1265 4437 it
1283 4399 1333 4436 ere
1351 4383 1440 4437 found
1459 4385 1491 4436 in
1508 4382 1588 4435 Asin„

344 4471 405 4532 623,
423 4469 532 4522 dabunt
549 4470 579 4522 di
597 4485 668 4537 quoe
685 4471 791 4533 uelitis,
810 4469 867 4522 end
884 4470 916 4521 in
935 4471 1011 4522 Pers.
1032 4471 1075 4532 16,
1094 4469 1202 4521 dabunt
1218 4470 1249 4522 oi
1267 4483 1338 4534 quoe
1356 4473 1479 4534 emptu,
1497 4466 1589 4520 which

342 4554 443 4621 betrey
455 4555 504 4606 the
515 4556 670 4606 tenseione
682 4554 712 4606 oi
723 4554 773 4606 the
784 4554 953 4621 expression.
992 4555 1067 4606 Here
1078 4554 1177 4606 uelitis
1189 4553 1245 4606 end
1258 4555 1372 4618 coeptes
1385 4566 1435 4604 ere
1447 4551 1589 4618 evidently

343 4637 375 4689 in
392 4638 442 4691 the
460 4637 653 4705 anticipatory
672 4637 858 4704 subjunctive,
877 4637 934 4688 end
953 4636 1059 4704 depend
1078 4636 1110 4689 in
1128 4636 1196 4688 both
1216 4637 1358 4689 inetenees
1377 4650 1453 4704 upon
1471 4636 1588 4698 dueum,

343 4721 434 4774 which
451 4721 477 4774 is
494 4720 632 4789 virtuelly
649 4736 667 4772 a
683 4720 782 4773 future
798 4719 974 4788 imperative.
